[
  {
    "id": 1,
    "rep": "Lorene",
    "client": "Avamba",
    "date": "2024-06-26",
    "units": 81,
    "revenue": 8389367,
    "target": 5632628,
    "product": "Multi-Tool"
  },
  {
    "id": 2,
    "rep": "Antonie",
    "client": "Yombu",
    "date": "2024-04-23",
    "units": 700,
    "revenue": 3977203,
    "target": 1575186,
    "product": "Kids' Dinosaur-Themed Lunchbox"
  },
  {
    "id": 3,
    "rep": "Ruby",
    "client": "Babblestorm",
    "date": "2025-05-28",
    "units": 498,
    "revenue": 5576444,
    "target": 5221406,
    "product": "Infrared Thermometer"
  },
  {
    "id": 4,
    "rep": "Annalise",
    "client": "Rhynoodle",
    "date": "2024-08-23",
    "units": 439,
    "revenue": 3223704,
    "target": 8929209,
    "product": "Infrared Thermometer"
  },
  {
    "id": 5,
    "rep": "Starlin",
    "client": "Ntag",
    "date": "2024-03-24",
    "units": 677,
    "revenue": 1348490,
    "target": 6366587,
    "product": "Mix  Cotton Sweatpants"
  },
  {
    "id": 6,
    "rep": "Judon",
    "client": "Leenti",
    "date": "2025-02-17",
    "units": 20,
    "revenue": 2922821,
    "target": 1991817,
    "product": "Folding Backpack Chair"
  },
  {
    "id": 7,
    "rep": "Dominica",
    "client": "Skilith",
    "date": "2024-03-02",
    "units": 160,
    "revenue": 6851364,
    "target": 990125,
    "product": "Cotton Basic Tank"
  },
  {
    "id": 8,
    "rep": "Carolynn",
    "client": "Abata",
    "date": "2025-05-30",
    "units": 444,
    "revenue": 4373607,
    "target": 9683118,
    "product": "Pet Hair Remover"
  },
  {
    "id": 9,
    "rep": "Nanni",
    "client": "Edgeify",
    "date": "2024-02-29",
    "units": 390,
    "revenue": 1634191,
    "target": 3250596,
    "product": "Thai Coconut Curry Sauce"
  },
  {
    "id": 10,
    "rep": "Guthrie",
    "client": "Realmix",
    "date": "2025-01-03",
    "units": 726,
    "revenue": 6702206,
    "target": 6587459,
    "product": "Quinoa and Kale Salad Kit"
  },
  {
    "id": 11,
    "rep": "Gaby",
    "client": "Skidoo",
    "date": "2025-05-21",
    "units": 194,
    "revenue": 5491877,
    "target": 3130199,
    "product": "Pet Hair Remover"
  },
  {
    "id": 12,
    "rep": "Giacomo",
    "client": "Skipfire",
    "date": "2025-01-26",
    "units": 605,
    "revenue": 9683080,
    "target": 5316791,
    "product": "Frozen Fruit Medley"
  },
  {
    "id": 13,
    "rep": "Preston",
    "client": "Vitz",
    "date": "2025-02-22",
    "units": 509,
    "revenue": 4302051,
    "target": 7479413,
    "product": "Sports Water Bottle with Infuser"
  },
  {
    "id": 14,
    "rep": "Greggory",
    "client": "Gigashots",
    "date": "2024-01-02",
    "units": 839,
    "revenue": 1661319,
    "target": 1716351,
    "product": "Chicken Salad Kit"
  },
  {
    "id": 15,
    "rep": "Gregorio",
    "client": "Yotz",
    "date": "2024-11-26",
    "units": 607,
    "revenue": 4793185,
    "target": 6878853,
    "product": "Frozen Fruit Medley"
  },
  {
    "id": 16,
    "rep": "Pieter",
    "client": "Lazzy",
    "date": "2025-05-13",
    "units": 58,
    "revenue": 6105728,
    "target": 8255713,
    "product": "Infrared Thermometer"
  },
  {
    "id": 17,
    "rep": "Cass",
    "client": "Dynazzy",
    "date": "2024-01-13",
    "units": 994,
    "revenue": 214247,
    "target": 3386836,
    "product": "Leather Crossbody Bag"
  },
  {
    "id": 18,
    "rep": "Hernando",
    "client": "Cogidoo",
    "date": "2025-06-23",
    "units": 718,
    "revenue": 2517913,
    "target": 3780449,
    "product": "Bicycle Repair Kit"
  },
  {
    "id": 19,
    "rep": "Rene",
    "client": "Jabbersphere",
    "date": "2025-03-21",
    "units": 683,
    "revenue": 3518445,
    "target": 8987769,
    "product": "Chicken Salad Kit"
  },
  {
    "id": 20,
    "rep": "Jeanne",
    "client": "Blogspan",
    "date": "2024-12-08",
    "units": 503,
    "revenue": 4511928,
    "target": 3894746,
    "product": "Andouille Sausage"
  },
  {
    "id": 21,
    "rep": "Brittan",
    "client": "Quinu",
    "date": "2025-03-05",
    "units": 486,
    "revenue": 9810324,
    "target": 1389159,
    "product": "Smart Thermostat with Wi-Fi"
  },
  {
    "id": 22,
    "rep": "Salim",
    "client": "Skalith",
    "date": "2025-01-10",
    "units": 978,
    "revenue": 5657684,
    "target": 5261675,
    "product": "Folding Backpack Chair"
  },
  {
    "id": 23,
    "rep": "Mandi",
    "client": "Avamba",
    "date": "2024-02-13",
    "units": 454,
    "revenue": 5435099,
    "target": 7138618,
    "product": "Interchangeable Watch Bands"
  },
  {
    "id": 24,
    "rep": "Connie",
    "client": "Kamba",
    "date": "2025-01-13",
    "units": 10,
    "revenue": 4345606,
    "target": 1219529,
    "product": "Frozen Fruit Medley"
  },
  {
    "id": 25,
    "rep": "Sallee",
    "client": "Zoonoodle",
    "date": "2025-03-28",
    "units": 267,
    "revenue": 5284410,
    "target": 9833847,
    "product": "Thai Coconut Curry Sauce"
  },
  {
    "id": 26,
    "rep": "Delphinia",
    "client": "Browsezoom",
    "date": "2024-08-27",
    "units": 350,
    "revenue": 7694664,
    "target": 3367322,
    "product": "Infrared Thermometer"
  },
  {
    "id": 27,
    "rep": "Daloris",
    "client": "Yadel",
    "date": "2025-05-19",
    "units": 287,
    "revenue": 3119003,
    "target": 6008973,
    "product": "Interchangeable Watch Bands"
  },
  {
    "id": 28,
    "rep": "Elyssa",
    "client": "Lazz",
    "date": "2025-03-01",
    "units": 971,
    "revenue": 6949817,
    "target": 1978699,
    "product": "Coffee Grinder"
  },
  {
    "id": 29,
    "rep": "Elfrieda",
    "client": "Yambee",
    "date": "2024-03-03",
    "units": 816,
    "revenue": 7482730,
    "target": 7136747,
    "product": "Interchangeable Watch Bands"
  },
  {
    "id": 30,
    "rep": "Alley",
    "client": "Wikizz",
    "date": "2024-10-13",
    "units": 991,
    "revenue": 9175257,
    "target": 8973781,
    "product": "Mix  Cotton Sweatpants"
  },
  {
    "id": 31,
    "rep": "Krispin",
    "client": "Babblestorm",
    "date": "2024-12-30",
    "units": 348,
    "revenue": 5465673,
    "target": 2941223,
    "product": "Heated Throw Blanket"
  },
  {
    "id": 32,
    "rep": "Aguste",
    "client": "Zooxo",
    "date": "2024-04-08",
    "units": 763,
    "revenue": 5335107,
    "target": 960413,
    "product": "Buffalo Stilton Cheese"
  },
  {
    "id": 33,
    "rep": "Janet",
    "client": "Rhyloo",
    "date": "2024-07-01",
    "units": 446,
    "revenue": 763443,
    "target": 6738303,
    "product": "Saffron Rice"
  },
  {
    "id": 34,
    "rep": "Brett",
    "client": "Shufflester",
    "date": "2025-01-26",
    "units": 325,
    "revenue": 4076791,
    "target": 4594747,
    "product": "Sports Water Bottle with Infuser"
  },
  {
    "id": 35,
    "rep": "Adriano",
    "client": "Youfeed",
    "date": "2024-02-09",
    "units": 524,
    "revenue": 2735987,
    "target": 5277675,
    "product": "Bird Feeder"
  },
  {
    "id": 36,
    "rep": "Bartholomeo",
    "client": "Realbuzz",
    "date": "2024-09-15",
    "units": 341,
    "revenue": 1084558,
    "target": 1891817,
    "product": "Fishing Rod"
  },
  {
    "id": 37,
    "rep": "Dasha",
    "client": "Vinte",
    "date": "2025-04-22",
    "units": 154,
    "revenue": 7700378,
    "target": 6165364,
    "product": "Honey Sesame Chicken"
  },
  {
    "id": 38,
    "rep": "Nappie",
    "client": "Skynoodle",
    "date": "2024-12-01",
    "units": 814,
    "revenue": 6372501,
    "target": 3972097,
    "product": "Quinoa and Kale Salad Kit"
  },
  {
    "id": 39,
    "rep": "Betsy",
    "client": "Viva",
    "date": "2024-06-04",
    "units": 126,
    "revenue": 6538044,
    "target": 2882518,
    "product": "Chicken Salad Kit"
  },
  {
    "id": 40,
    "rep": "Basilius",
    "client": "Oba",
    "date": "2025-03-16",
    "units": 419,
    "revenue": 316313,
    "target": 4641732,
    "product": "Garlic Herb Grilled Chicken"
  },
  {
    "id": 41,
    "rep": "Eal",
    "client": "Devbug",
    "date": "2024-01-21",
    "units": 619,
    "revenue": 9523667,
    "target": 7740323,
    "product": "Infrared Thermometer"
  },
  {
    "id": 42,
    "rep": "Tanner",
    "client": "Babbleblab",
    "date": "2025-03-25",
    "units": 711,
    "revenue": 3917014,
    "target": 1248373,
    "product": "Bicycle Repair Kit"
  },
  {
    "id": 43,
    "rep": "Xerxes",
    "client": "Flipstorm",
    "date": "2024-02-20",
    "units": 888,
    "revenue": 403773,
    "target": 5240404,
    "product": "Multi-Tool"
  },
  {
    "id": 44,
    "rep": "Fifi",
    "client": "Bubbletube",
    "date": "2024-05-24",
    "units": 775,
    "revenue": 9921070,
    "target": 5388850,
    "product": "Sweet Pea Hummus"
  },
  {
    "id": 45,
    "rep": "Bale",
    "client": "Jazzy",
    "date": "2025-02-05",
    "units": 467,
    "revenue": 263567,
    "target": 6393560,
    "product": "Pet Hair Remover"
  },
  {
    "id": 46,
    "rep": "Peyter",
    "client": "Jayo",
    "date": "2024-09-11",
    "units": 74,
    "revenue": 2065820,
    "target": 3753767,
    "product": "Buffalo Stilton Cheese"
  },
  {
    "id": 47,
    "rep": "Eleonora",
    "client": "Voonder",
    "date": "2024-06-03",
    "units": 191,
    "revenue": 292630,
    "target": 4770907,
    "product": "Cotton Basic Tank"
  },
  {
    "id": 48,
    "rep": "Zenia",
    "client": "Devshare",
    "date": "2024-08-24",
    "units": 505,
    "revenue": 3825325,
    "target": 7204580,
    "product": "Zucchini Noodles"
  },
  {
    "id": 49,
    "rep": "Franz",
    "client": "Skibox",
    "date": "2024-11-18",
    "units": 686,
    "revenue": 9284907,
    "target": 1833771,
    "product": "Honey Sesame Chicken"
  },
  {
    "id": 50,
    "rep": "Raynard",
    "client": "Lazz",
    "date": "2024-03-14",
    "units": 601,
    "revenue": 8618425,
    "target": 5966234,
    "product": "Frozen Fruit Medley"
  },
  {
    "id": 51,
    "rep": "Vivianna",
    "client": "Dynabox",
    "date": "2025-03-30",
    "units": 198,
    "revenue": 6437656,
    "target": 8655257,
    "product": "Bird Feeder"
  },
  {
    "id": 52,
    "rep": "Greer",
    "client": "Leexo",
    "date": "2024-08-22",
    "units": 110,
    "revenue": 2580604,
    "target": 2580459,
    "product": "Garlic Herb Grilled Chicken"
  },
  {
    "id": 53,
    "rep": "Janessa",
    "client": "Kwideo",
    "date": "2024-11-02",
    "units": 227,
    "revenue": 7580335,
    "target": 7220204,
    "product": "Leather Crossbody Bag"
  },
  {
    "id": 54,
    "rep": "Hersch",
    "client": "Linklinks",
    "date": "2024-06-25",
    "units": 550,
    "revenue": 7795198,
    "target": 4638620,
    "product": "Cotton Basic Tank"
  },
  {
    "id": 55,
    "rep": "Murielle",
    "client": "Fivechat",
    "date": "2024-09-10",
    "units": 826,
    "revenue": 8387017,
    "target": 4993564,
    "product": "Honey Sesame Chicken"
  },
  {
    "id": 56,
    "rep": "Romain",
    "client": "Skimia",
    "date": "2024-04-12",
    "units": 257,
    "revenue": 8684598,
    "target": 1821050,
    "product": "Steak Seasoning Rub"
  },
  {
    "id": 57,
    "rep": "Hannah",
    "client": "Jaxspan",
    "date": "2024-03-29",
    "units": 764,
    "revenue": 7124552,
    "target": 8794429,
    "product": "Steak Seasoning Rub"
  },
  {
    "id": 58,
    "rep": "Cherish",
    "client": "Trudoo",
    "date": "2024-08-06",
    "units": 96,
    "revenue": 7116637,
    "target": 6616753,
    "product": "Interchangeable Watch Bands"
  },
  {
    "id": 59,
    "rep": "Jaquelin",
    "client": "Quamba",
    "date": "2024-06-09",
    "units": 245,
    "revenue": 7732052,
    "target": 530872,
    "product": "Andouille Sausage"
  },
  {
    "id": 60,
    "rep": "Coralie",
    "client": "Edgetag",
    "date": "2025-05-08",
    "units": 955,
    "revenue": 1880906,
    "target": 6576169,
    "product": "Sweet Pea Hummus"
  },
  {
    "id": 61,
    "rep": "Kimball",
    "client": "Thoughtstorm",
    "date": "2025-04-03",
    "units": 265,
    "revenue": 4655593,
    "target": 9663149,
    "product": "Bicycle Repair Kit"
  },
  {
    "id": 62,
    "rep": "Tabby",
    "client": "Gabcube",
    "date": "2024-09-23",
    "units": 937,
    "revenue": 7595727,
    "target": 9727726,
    "product": "Coffee Grinder"
  },
  {
    "id": 63,
    "rep": "Araldo",
    "client": "Teklist",
    "date": "2024-12-19",
    "units": 943,
    "revenue": 4450006,
    "target": 8905350,
    "product": "Bird Feeder"
  },
  {
    "id": 64,
    "rep": "Bertina",
    "client": "Voonix",
    "date": "2024-01-14",
    "units": 65,
    "revenue": 1481309,
    "target": 1330951,
    "product": "Kids' Dinosaur-Themed Lunchbox"
  },
  {
    "id": 65,
    "rep": "Dionne",
    "client": "Avamm",
    "date": "2024-11-22",
    "units": 10,
    "revenue": 3789707,
    "target": 5632580,
    "product": "Thai Coconut Curry Sauce"
  },
  {
    "id": 66,
    "rep": "Tilda",
    "client": "Devpoint",
    "date": "2024-11-30",
    "units": 747,
    "revenue": 4161643,
    "target": 5540905,
    "product": "Buffalo Stilton Cheese"
  },
  {
    "id": 67,
    "rep": "Kamillah",
    "client": "Jatri",
    "date": "2024-06-18",
    "units": 774,
    "revenue": 4551876,
    "target": 6771435,
    "product": "Cotton Basic Tank"
  },
  {
    "id": 68,
    "rep": "Lorettalorna",
    "client": "Riffpedia",
    "date": "2025-04-20",
    "units": 211,
    "revenue": 5199640,
    "target": 29071,
    "product": "Fishing Rod"
  },
  {
    "id": 69,
    "rep": "Carce",
    "client": "Realfire",
    "date": "2024-12-07",
    "units": 476,
    "revenue": 2231807,
    "target": 9157714,
    "product": "Saffron Rice"
  },
  {
    "id": 70,
    "rep": "Dorene",
    "client": "Eimbee",
    "date": "2024-11-05",
    "units": 9,
    "revenue": 3432464,
    "target": 4854438,
    "product": "Multi-Tool"
  },
  {
    "id": 71,
    "rep": "Arlen",
    "client": "Realcube",
    "date": "2024-02-04",
    "units": 15,
    "revenue": 4759863,
    "target": 4115940,
    "product": "Thai Coconut Curry Sauce"
  },
  {
    "id": 72,
    "rep": "Joyous",
    "client": "Wordpedia",
    "date": "2024-05-15",
    "units": 953,
    "revenue": 6247157,
    "target": 9694345,
    "product": "Digital Meat Thermometer"
  },
  {
    "id": 73,
    "rep": "Monroe",
    "client": "Agivu",
    "date": "2025-04-17",
    "units": 426,
    "revenue": 9872285,
    "target": 9051953,
    "product": "Cotton Basic Tank"
  },
  {
    "id": 74,
    "rep": "Jere",
    "client": "Plajo",
    "date": "2024-09-10",
    "units": 383,
    "revenue": 6028113,
    "target": 9309069,
    "product": "Heated Throw Blanket"
  },
  {
    "id": 75,
    "rep": "Lesly",
    "client": "Jaxspan",
    "date": "2024-10-16",
    "units": 734,
    "revenue": 1863624,
    "target": 4769509,
    "product": "Frozen Fruit Medley"
  },
  {
    "id": 76,
    "rep": "Hercule",
    "client": "Meeveo",
    "date": "2024-09-02",
    "units": 631,
    "revenue": 863825,
    "target": 8000563,
    "product": "Kids' Dinosaur-Themed Lunchbox"
  },
  {
    "id": 77,
    "rep": "Peirce",
    "client": "Livepath",
    "date": "2024-12-27",
    "units": 506,
    "revenue": 9612999,
    "target": 3185339,
    "product": "Saffron Rice"
  },
  {
    "id": 78,
    "rep": "Tarah",
    "client": "Brainlounge",
    "date": "2024-12-24",
    "units": 108,
    "revenue": 6349105,
    "target": 7718477,
    "product": "Frozen Fruit Medley"
  },
  {
    "id": 79,
    "rep": "Neille",
    "client": "Cogidoo",
    "date": "2025-04-26",
    "units": 398,
    "revenue": 1940862,
    "target": 3672642,
    "product": "Sweet Pea Hummus"
  },
  {
    "id": 80,
    "rep": "Angel",
    "client": "Jetwire",
    "date": "2024-03-03",
    "units": 302,
    "revenue": 2019383,
    "target": 4573686,
    "product": "Pet Hair Remover"
  },
  {
    "id": 81,
    "rep": "Zane",
    "client": "Babblestorm",
    "date": "2024-06-07",
    "units": 25,
    "revenue": 881564,
    "target": 2069039,
    "product": "Smart Thermostat with Wi-Fi"
  },
  {
    "id": 82,
    "rep": "Arliene",
    "client": "Bluezoom",
    "date": "2025-03-01",
    "units": 161,
    "revenue": 5801387,
    "target": 231391,
    "product": "Pet Hair Remover"
  },
  {
    "id": 83,
    "rep": "Tybi",
    "client": "Gigabox",
    "date": "2024-06-10",
    "units": 990,
    "revenue": 3106596,
    "target": 5084467,
    "product": "Heated Throw Blanket"
  },
  {
    "id": 84,
    "rep": "Yehudit",
    "client": "Dabjam",
    "date": "2025-05-24",
    "units": 89,
    "revenue": 8894315,
    "target": 9248936,
    "product": "Frozen Fruit Medley"
  },
  {
    "id": 85,
    "rep": "Ephraim",
    "client": "Layo",
    "date": "2025-02-09",
    "units": 483,
    "revenue": 9479844,
    "target": 8242454,
    "product": "Organic Quinoa"
  },
  {
    "id": 86,
    "rep": "Lorita",
    "client": "Rhycero",
    "date": "2024-04-20",
    "units": 157,
    "revenue": 2977813,
    "target": 9874808,
    "product": "Heated Throw Blanket"
  },
  {
    "id": 87,
    "rep": "Aloysius",
    "client": "Shuffletag",
    "date": "2024-10-05",
    "units": 412,
    "revenue": 2525937,
    "target": 1574773,
    "product": "Organic Quinoa"
  },
  {
    "id": 88,
    "rep": "Constantina",
    "client": "Fanoodle",
    "date": "2025-02-18",
    "units": 822,
    "revenue": 9913811,
    "target": 2922516,
    "product": "Coffee Grinder"
  },
  {
    "id": 89,
    "rep": "Ogdon",
    "client": "Eadel",
    "date": "2024-04-22",
    "units": 57,
    "revenue": 873411,
    "target": 9424106,
    "product": "Saffron Rice"
  },
  {
    "id": 90,
    "rep": "Mallissa",
    "client": "Gigashots",
    "date": "2024-02-19",
    "units": 859,
    "revenue": 3461552,
    "target": 9213464,
    "product": "Organic Quinoa"
  },
  {
    "id": 91,
    "rep": "Raimundo",
    "client": "Gevee",
    "date": "2024-05-13",
    "units": 295,
    "revenue": 3228738,
    "target": 8450997,
    "product": "Cotton Basic Tank"
  },
  {
    "id": 92,
    "rep": "Rowan",
    "client": "Realpoint",
    "date": "2024-10-10",
    "units": 941,
    "revenue": 6856799,
    "target": 2197425,
    "product": "Honey Sesame Chicken"
  },
  {
    "id": 93,
    "rep": "Chuck",
    "client": "Yombu",
    "date": "2024-12-28",
    "units": 481,
    "revenue": 5651819,
    "target": 4173055,
    "product": "Honey Ginger Tea"
  },
  {
    "id": 94,
    "rep": "Dacy",
    "client": "Talane",
    "date": "2024-01-16",
    "units": 515,
    "revenue": 9015695,
    "target": 2111673,
    "product": "Garlic Herb Grilled Chicken"
  },
  {
    "id": 95,
    "rep": "Shani",
    "client": "Oodoo",
    "date": "2024-06-27",
    "units": 181,
    "revenue": 304340,
    "target": 8824744,
    "product": "Coffee Grinder"
  },
  {
    "id": 96,
    "rep": "Daphene",
    "client": "Rhybox",
    "date": "2024-02-01",
    "units": 569,
    "revenue": 7055458,
    "target": 8318438,
    "product": "Organic Quinoa"
  },
  {
    "id": 97,
    "rep": "Urson",
    "client": "Jaxspan",
    "date": "2024-06-25",
    "units": 902,
    "revenue": 2802337,
    "target": 3729296,
    "product": "Zucchini Noodles"
  },
  {
    "id": 98,
    "rep": "Ava",
    "client": "Realcube",
    "date": "2024-06-04",
    "units": 223,
    "revenue": 3720647,
    "target": 8004684,
    "product": "Crispy Chickpeas"
  },
  {
    "id": 99,
    "rep": "Michel",
    "client": "Jabbercube",
    "date": "2024-06-12",
    "units": 491,
    "revenue": 6444224,
    "target": 3765523,
    "product": "Folding Backpack Chair"
  },
  {
    "id": 100,
    "rep": "Adi",
    "client": "Dablist",
    "date": "2025-03-07",
    "units": 690,
    "revenue": 6686267,
    "target": 1917831,
    "product": "Saffron Rice"
  }
]
